% Encoding: UTF-8

@Book{Koe2020,
  author = {Koe and Alonso, M. Kurt and Noether, Sarang},
  title  = {Zero to Monero: Second Edition},
  year   = {2020},
  month  = apr,
  url    = {https://web.getmonero.org/library/Zero-to-Monero-2-0-0.pdf},
}

@Book{SerHack2019,
  author = {SerHack and Community},
  title  = {{M}astering {M}onero},
  year   = {2019},
  month  = dec,
  url    = {https://masteringmonero.com/book/Mastering Monero First Edition by SerHack and Monero Community.pdf},
}

@Misc{Vermaak2021,
  author       = {Vermaak, Werner},
  howpublished = {Website},
  month        = apr,
  title        = {What Are Privacy Coins?},
  year         = {2021},
  url          = {https://coinmarketcap.com/alexandria/article/what-are-privacy-coins#toc-dash},
}

@Misc{CoinMarketCap2021,
  author       = {CoinMarketCap},
  howpublished = {Website},
  month        = jul,
  note         = {Abgerufen am 04. Juli 2021},
  title        = {Today's Cryptocurrency Prices by Market Cap},
  year         = {2021},
  url          = {https://coinmarketcap.com},
}
@Inbook{Bleumer2011,
author="Bleumer, Gerrit",
editor="van Tilborg, Henk C. A.
and Jajodia, Sushil",
title="Untraceability",
bookTitle="Encyclopedia of Cryptography and Security",
year="2011",
publisher="Springer US",
address="Boston, MA",
pages="1351--1352",
isbn="978-1-4419-5906-5",
doi="10.1007/978-1-4419-5906-5_237",
url="https://doi.org/10.1007/978-1-4419-5906-5_237"
}

@InBook{Bleumer2011a,
  author    = {Bleumer, Gerrit},
  editor    = {van Tilborg, Henk C. A. and Jajodia, Sushil},
  pages     = {1350--1350},
  publisher = {Springer US},
  title     = {Unlinkability},
  year      = {2011},
  address   = {Boston, MA},
  isbn      = {978-1-4419-5906-5},
  booktitle = {Encyclopedia of Cryptography and Security},
  doi       = {10.1007/978-1-4419-5906-5_236},
  url       = {https://doi.org/10.1007/978-1-4419-5906-5_236},
}

@Comment{jabref-meta: databaseType:bibtex;}
